@book{martin2003agile,
  title={Agile Software Development: Principles, Patterns, and Practices},
  author={Martin, R.C. and Rabaey, J.M. and Chandrakasan, A.P. and Nikolic, B.},
  isbn={9780135974445},
  lccn={95022672},
  series={Alan Apt series},
  year={2003},
  publisher={Pearson Education}
}

@manual{uml251spec2017,
    title={Unified Modeling Language (UML)},
    author = "{Object Management Group (OMG)}",
    year={2017},
    month={12},
    number={2.5.1},
    url={https://www.omg.org/spec/UML/2.5.1/},
  note = {\newline Accessed: 2020-12-09}
}

@book{liskov2000,
    title={Program Development in Java: Abstraction, Specification, and Object-Oriented Design},
    author={Liskov, B., and Guttag J.},
    publisher={Addison-Wesley},
    edition={6},
    year={2000}
}

@manual{ocl24,
    title={Object Constraint Language (OCL)},
    author = "{Object Management Group (OMG)}",
    year={2014},
    month={2},
    number={2.4},
    url={https://www.omg.org/spec/OCL/2.4},
  note = {Accessed: 2020-12-09}
}